2158 3877
443 116 481 168 1.
514 116 552 166 1.
587 115 861 168 REISKE
911 112 1436 168 ANNNOTATA.

69 261 212 309 turo,
243 242 306 296 ob
338 240 648 310 praemissum
672 238 911 301 διαλυσομέ-

71 338 152 373 vua.

141 401 190 438 2.
222 391 433 432 πείσονται
453 378 611 436 τούτοις
634 378 820 431 ἅθ’ῐηθο
834 379 912 430 de-

70 454 133 514 di,
154 454 439 520 provulgari
464 452 640 500 εἴσονται
665 455 803 499 τοῦτο.
827 449 912 516 ipfi

67 526 206 583 3vltro,
232 524 451 572 volentes
466 520 657 579 cedent,
682 516 913 569 obsecun-

71 593 253 643 dabunt
278 591 367 651 his,
396 592 450 639 in
473 590 648 638 horum
681 588 913 654 potestate

70 676 228 724 erunt,
250 662 333 710 vbi
355 660 700 708 intellexerint.

67 794 71 797 ι
139 747 187 798 4.
225 725 535 788 συγκαθιῖσεσιν
559 728 622 776 de
649 742 761 776 meo
784 724 912 784 dedi,

69 818 157 869 pro
181 800 369 865 vulgari
390 801 680 856 συγκαθίσαι.
717 812 816 843 non
844 795 913 844 est

69 889 99 920 a
134 873 423 928 συγκαθίζων,
461 864 540 916 sed
565 883 592 914 a
617 862 912 923 συγκαθιέναι,

68 936 270 989 subaudi
309 935 485 995 ἐαυτδν,
524 933 818 984 descendere
851 934 911 982 ad

69 1008 401 1067 conditi011eS‚
438 1002 537 1054 sese
562 1004 827 1054 demittere.
867 1021 908 1052 v.

8 1139 9 1142 Ἴ
69 1079 130 1128 ad
154 1097 201 1143 p.
235 1082 349 1143 236.
374 1091 456 1142 29.

83 1163 87 1165 ‘
141 1162 216 1209 14.
254 1143 354 1194 τότε
384 1144 574 1194 videtur
613 1160 640 1192 a
666 1145 743 1198 τῆς
776 1158 912 1207 pone

65 1219 148 1266 τῶν
167 1212 263 1265 effe
289 1212 690 1264 transfere-ndum.
726 1227 912 1272 eorum,

68 1286 154 1351 qui
185 1300 284 1334 tum
319 1284 570 1349 apartibus
610 1283 911 1347 optimatium

68 1369 216 1415 erant,
244 1354 600 1403 nobiliffimum.

142 1430 288 1488 1169.
321 1439 368 1489 9.
418 1421 649 1471 vocabula
690 1419 909 1469 videntur

68 1485 168 1542 efl'e
189 1490 548 1558 transponenda
572 1490 630 1538 ad
659 1489 789 1538 hunc
810 1506 910 1537 mo-

70 1563 185 1611 dum
235 1561 371 1620 ἕτερον
421 1565 468 1620 ἐξ
512 1556 711 1615 ὀνόματος
758 1556 909 1619 ἐκάλει,

69 1633 212 1682 alium
236 1626 504 1681 senatorem
527 1630 813 1678 nominatim
825 1643 911 1677 ex-

67 1701 267 1761 citabat,
315 1700 389 1748 τδν
419 1698 547 1748 αᾶτόν
571 1695 731 1758 τρόπον
765 1699 910 1761 σι’ξιῶν,

68 1777 247 1839 rogans
272 1784 318 1820 vt
343 1772 380 1819 is
412 1785 609 1833 quoque
637 1769 739 1832 pari
760 1767 909 1816 modo

66 1855 215 1906 atque
229 1841 499 1891 Menenius
515 1836 708 1897 fecisset,
724 1835 911 1888 senten-

66 1912 181 1961 tiam
201 1910 400 1960 diceret.

81 2017 84 2019 -
138 1991 284 2047 1170.
309 1996 356 2045 4.
393 1977 450 2027 τοὶ
470 1974 750 2044 διαφέροντα]
776 1970 909 2026 idem

68 2048 138 2099 est
160 2063 303 2115 atque
337 2054 395 2097 τοὶ
420 2050 615 2106 διάφορα.
647 2048 729 2096 das
760 2047 909 2095 Inter-

66 2120 167 2186 eſjd,
205 2120 283 2168 vel
315 2116 481 2168 causae
506 2118 812 2167 diffidiorum.
853 2133 910 2166 ea

65 2190 130 2239 de
200 2187 374 2254 quibus
452 2187 744 2237 obtinendis·
800 2202 909 2251 pars

65 2275 293 2325 quaeque
357 2258 666 2307 contendens
712 2255 908 2316 laborat,

66 2345 190 2394 quae
220 2331 321 2377 eius
345 2326 599 2387 intersunt,
633 2340 682 2376 vt
703 2326 801 2375 siue
827 2328 908 2374 im·

63 2411 237 2464 peti-et,
273 2397 372 2448 fiue
393 2396 617 2466 effugiat,
654 2398 708 2445 in
736 2396 908 2460 quibus

62 2465 143 2518 sua
168 2465 249 2517 seu
273 2465 406 2529 saluS,
429 2481 479 2516 et
510 2464 794 2534 prosperitas
831 2462 910 2515 seu

64 2538 296 2588 damnum
320 2551 370 2585 et
392 2554 519 2586 noxa
543 2533 765 2586 versatur.
804 2531 928 2584 artiss

63 2609 224 2657 culum
248 2605 311 2656 de
333 2623 447 2655 meo
471 2606 646 2657 addidi.

135 2678 216 2727 vlt.
243 2684 327 2730 τοῖς
351 2672 554 2745 τοιέτοις]
593 2673 797 2739 patriciis
821 2690 906 2739 pu-

64 2759 124 2805 ta,
150 2745 358 2795 hostibus
390 2745 705 2810 plebeiorum.
739 2761 781 2794 v.
809 2761 909 2793 ver·

63 2812 118 2870 su
255 2815 332 2863 vbi
384 2832 468 2864 eos
515 2816 728 2881 appellat
772 2829 906 2878 repu-

66 2898 274 2953 gnantes
292 2886 687 2936 reconciliationi
709 2886 903 2950 gratiae.

63 2956 186 3004 item
324 2952 396 3003 ὅτε
431 2975 482 3016 γε
511 2956 625 3014 παρα.
659 2956 736 3007 τας
759 2964 905 3010 κρίσεις

65 3023 129 3072 de
152 3040 264 3074 meo
288 3023 427 3085 dedi,
464 3042 554 3090 pro
580 3026 706 3093 vulg.
745 3025 821 3073 ἐδέ
851 3044 903 3081 γε

61 3093 181 3152 παραὶ
204 3099 268 3154 «τῇ
299 3103 433 3153 κρίσει.

136 3178 281 3231 1171.
306 3179 353 3216 2.
391 3162 524 3214 bene
537 3162 684 3214 habet
704 3163 752 3213 h.
775 3162 807 3212 l.
832 3183 902 3220 με.

59 3241 256 3293 ταφέςειν
279 3232 505 3285 cohaeret
526 3252 635 3285 cum
669 3243 900 3294 βὸλομένοις

1656 136 1661 138 ’
1687 128 1820 183 1299

972 240 1371 306 prouocationem
1420 235 1564 286 dabat
1613 238 1820 289 volenti·

973 313 1064 360 bus
1096 310 1330 358 iudicium
1365 305 1497 356 suum
1536 324 1562 354 a
1600 311 1817 373 patribus

974 381 1035 430 ad
1069 379 1265 445 plebem
1305 374 1573 426 transferre.
1642 378 1817 428 Conie-

975 451 1106 499 &ura
1149 449 1276 499 Porti
1331 456 1741 507 καταδικασαμένοις,
1789 463 1853 496 a*

974 535 1055 568 me
1085 521 1136 567 in
1161 533 1348 568 textum
1382 511 1600 575 immifl'a,
1647 515 1818 566 confir·

975 601 1134 638 matur
1160 606 1186 636 a
1209 586 1257 652 p;
1273 602 1387 652 390.
1402 587 1481 636 vlt.
1495 585 1646 634 ed.H.

1041 672 1088 723 7.
1129 657 1327 714 εὕρασθαι
1366 658 1438 718 (in
1469 672 1565 704 aor.
1596 658 1660 719 1.)
1698 652 1817 702 effe-

975 727 1033 786 ci,
1058 725 1285 792 evulgari
1308 722 1503 781 ι’έρκσθας.
1539 721 1817 787 praesertim

978 796 1211 847 Vaticano
1243 797 1368 842 viam
1402 793 1721 854 monstrante,
1758 795 1814 841 in

975 882 1071 930 quo
1096 864 1164 913 est
1197 862 1390 920 εὖρέσῧοιι
1411 864 1461 911 in
1493 880 1587 911 aor.
1617 880 1665 915 2.
1704 879 1816 912 cum

972 951 1076 983 non
1100 929 1358 998 potuiffent
1389 933 1645 995 impetrare
1667 933 1819 997 preci·

970 1003 1058 1052 bus
1082 1020 1109 1051 a
1132 1001 1309 1062 senatu,
1342 1015 1386 1050 vt
1400 1001 1697 1066 triumphum
1712 1004 1818 1052 Ser·

969 1074 1085 1122 uilio
1109 1069 1261 1123 Prisco
1288 1072 1590 1121 decerneret.

1045 1157 1190 1209 1172.
1227 1157 1274 1193 2.
1316 1140 1352 1190 f.
1415 1140 1524 1187 ἆλλοῖ
1566 1149 1634 1188 καὶ
1681 1139 1816 1195 αὗτδς

971 1212 1299 1270 προσαπὲλαυσε.
1326 1209 1472 1274 quid?
1494 1210 1623 1274 quod
1647 1205 1819 1257 semet-

970 1280 1125 1346 ipsum
1150 1297 1348 1346 quoque
1369 1281 1640 1344 (Valerium
1657 1279 1817 1342 Popli-

973 1354 1138 1412 colam,
1163 1352 1248 1415 qui
1261 1349 1582 1414 hic-loquitur)
1599 1366 1690 1397 vna
1703 1365 1814 1398 curn

969 1421 1066 1471 istis
1102 1419 1250 1469 modo
1278 1419 1663 1467 commemoratis
1687 1421 1818 1471 Con·

971 1486 1073 1539 sule
1097 1504 1146 1538 et
1162 1490 1403 1548 dietatore,
1429 1486 1698 1552 percepiffe
1713 1487 1813 1535 fru-

972 1561 1072 1608 &US
1118 1564 1194 1613 τῆς
1229 1562 1367 1604 αὐτῶν
1407 1558 1571 1615 ὕβρεως.
1607 1557 1812 1606 dubium

971 1629 1054 1677 hic
1096 1627 1178 1689 est,
1214 1628 1272 1676 ad
1309 1639 1546 1691 quosnam
1580 1625 1814 1675 referatur

973 1700 1125 1759 αὐτῶν,
1152 1697 1210 1746 ad
1239 1698 1546 1760 patriciosne,
1568 1713 1629 1745 an
1643 1696 1701 1745 ad
1716 1696 1818 1760 ple-

970 1768 1125 1817 beios.
1163 1766 1195 1815 fi
1220 1768 1368 1831 prius,
1405 1766 1474 1815 est
1501 1766 1618 1825 ὕβρις
1646 1766 1814 1824 aetina,
1874 1760 1879 1764 ’

969 1838 1039 1888 fin
1065 1835 1306 1902 posterius,
1342 1836 1530 1899 paffiua.
1566 1850 1817 1885 contume-

972 1910 1049 1966 lia,
1075 1924 1170 1972 qua
1190 1906 1378 1972 patricii
1399 1905 1596 1972 plebem
1621 1921 1812 1969 preme·

970 1990 1096 2027 rent.
1161 1973 1408 2037 συγκόπτειν
1446 1975 1513 2024 est
1558 1992 1667 2024 cum
1708 1976 1815 2039 plu·

969 2064 1044 2097 res
1073 2048 1202 2096 inter
1235 2044 1282 2095 se
1309 2045 1545 2111 capitibus
1579 2043 1813 2094 submislis

971 2132 1020 2167 et
1040 2118 1170 2166 inter
1189 2114 1241 2165 se
1265 2114 1517 2164 commistis
1543 2117 1660 2164 clam
1694 2110 1815 2162 mus·

970 2183 1087 2248 sant,
1117 2187 1302 2235 occulta
1329 2187 1512 2251 agitant
1537 2185 1725 2234 consilia
1751 2183 1816 2231 fa-

971 2257 1218 2306 cinoribus
1264 2269 1526 2320 operantur
1566 2254 1821 2303 clandesti-

970 2329 1062 2385 nis,
1084 2323 1351 2390 conspirati,
1379 2339 1427 2374 et
1448 2327 1575 2373 inter
1597 2323 1644 2374 se
1667 2324 1816 2374 collu-

973 2397 1160 2446 dentes.
1194 2393 1265 2459 fie
1295 2395 1520 2444 krauchen
1554 2394 1810 2458 zusammen

971 2483 1111 2517 unter
1131 2469 1225 2514 eine
1248 2462 1409 2514 Decke.
1793 2499 1804 2509 .

1036 2551 1084 2603 7.
1110 2535 1143 2585 f.
1177 2541 1448 2588 δανείσαντες.
1486 2550 1599 2583 nam
1624 2532 1809 2583 tametsi

968 2603 1165 2665 ἆργᾶςιον
1183 2604 1390 2653 δανεισθὲν
1418 2605 1599 2664 dicitur,
1624 2621 1724 2651 non
1736 2604 1809 2652 id»

968 2692 1030 2726 eo
1061 2690 1223 2725 tamen
1258 2681 1450 2733 διάφορον
1480 2689 1679 2739 quoque
1703 2673 1813 2722 ‘dici

968 2745 1124 2810 potest
1162 2744 1386 2793 δανεισθὲν.
1435 2745 1644 2809 pecunia
1681 2748 1810 2790 δανεί.
1846 2756 1851 2759 ·

967 2821 1112 2877 geron,
1145 2832 1248 2865 non
1282 2814 1332 2863 τδ
1367 2821 1556 2873 διάφορον
1589 2810 1669 2870 seu
1704 2810 1810 2861 foe-

966 2903 1071 2936 nus.
1112 2885 1399 2935 tantundem
1435 2883 1490 2932 fit
1514 2896 1660 2946 atque
1683 2881 1714 2930 fi
1740 2882 1807 2930 di-

963 2971 1053 3015 cas,
1075 2953 1248 3003 foenus
1269 2956 1318 3002 in
1341 2953 1516 3003 foenus
1541 2952 1668 3001 dare.
1683 2966 1809 3001 vnam

963 3026 1017 3072 τδ
1040 3031 1230 3082 διάφορον
1266 3024 1483 3073 est-aeris
1505 3023 1586 3071 illa
1611 3019 1805 3081 summa,

964 3111 1106 3158 quam
1128 3096 1321 3143 lucraris
1335 3110 1502 3141 numos
1518 3107 1624 3139 tuos
1639 3092 1688 3138 in
1706 3089 1806 3138 foe·

962 3180 1055 3213 nus
1085 3166 1296 3224 elocans,
1329 3179 1379 3212 et
1402 3178 1493 3227 qua
1515 3175 1672 3220 careS‚
1716 3174 1801 3208 eos

960 3234 1013 3282 in
1039 3249 1146 3284 arca
1170 3229 1419 3288 conclusos
1440 3228 1646 3280 seruans·

1635 3310 1811 3362 antep„
