2194 3877
352 108 482 173 1253
564 111 669 160 AD
705 107 1070 161 DroNYsu
1101 104 1359 155 Hauc.
1396 104 1565 152 Atrr.
1601 99 1970 154 RoM.1,.1v.

352 236 422 286 est
454 242 530 286 ἐςὶυ
566 230 614 289 ἒς
637 233 696 284 δὲ.
754 232 835 284 sed
867 235 1084 299 priorem
1132 249 1201 280 ra-

353 309 544 356 tionem
574 304 813 371 praefer-0.

427 375 520 443 3.f.
560 375 608 430 ἒς
633 376 680 423 δέ
708 377 777 427 neq
801 370 950 426 αὐτ-ὃς.

422 451 540 500 662.
583 462 621 498 1.
661 461 726 494 ne
761 440 962 499 φςκτςιψῗ
999 439 1199 505 quidem

352 513 462 565 satis
494 517 669 580 placet.
732 513 1028 561 conueniret
1065 511 1199 559 enim

354 587 510 651 magis
542 592 589 631 xi
623 583 764 639 φυλαὶ.
806 582 997 630 videtur
1033 582 1200 644 vtique

353 658 619 705 Vaticanus
664 652 743 707 hic
782 665 1041 700 temeratus
1087 647 1200 708 effe,

351 737 404 778 et
441 716 666 788 poenitet
697 737 777 770 me
820 737 953 770 nune
985 718 1197 769 festinati

355 790 578 842 assensus.
637 795 696 841 In
725 790 880 840 {wem
903 803 1096 855 poterat
1118 790 1202 837 vti·

354 880 453 927 que
486 867 619 920 ψιῖφοι
652 858 910 927 subaudiri.
979 875 1029 910 et
1063 863 1203 916 ψῆφος

352 932 484 983 idem
519 932 587 982 est
621 943 768 995 atque
815 929 940 989 φυλῆ.
983 930 1202 980 tribubus

352 1004 490 1052 enim
515 1019 620 1051 non
648 1003 790 1055 eran't
823 1001 911 1050 nili
946 986 1203 1068 fingularia

354 1067 592 1139 ffiffragia.

427 1157 505 1196 11.
542 1142 707 1191 malim
730 1136 1018 1200 curan-foliam.

420 1217 537 1280 663.
559 1229 634 1265 12.
656 1211 940 1278 ἀποδιδόντες]
965 1227 1084 1259 num
1104 1215 1204 1257 ἷκτο·

353 1292 564 1340 nixum-24
610 1281 974 1348 abligurientes.
1038 1297 1100 1328 an
1152 1282 1204 1328 ἐκ

351 1353 631 1406 ἀποδιδόντες.
646 1354 787 1403 Poffit
801 1362 963 1401 ta'men
988 1368 1017 1400 e
1031 1353 1199 1416 p.664.

328 1431 399 1485 v8.
425 1423 578 1472 videri
603 1423 794 1489 vulgata
834 1422 969 1471 bene
1002 1420 1200 1482 habere,

350 1491 383 1544 fi
398 1504 455 1542 τα·
478 1491 683 1551 ἄλλο’-τρια
703 1508 914 1559 regnum
927 1497 1200 1543 Romanum

348 1563 614 1631 significet,
683 1565 817 1626 quod
852 1562 901 1611 hi
942 1558 1195 1620 senatores,

352 1649 462 1682 cum
495 1631 627 1683 suum
666 1649 976 1696 nequaquam
1012 1631 1092 1691 fit,
1135 1644 1199 1681 ta-

349 1712 469 1753 men
493 1703 676 1752 audent
700 1704 754 1751 iis
777 1704 929 1751 veluti
952 1700 1197 1751 condona·

349 1790 417 1833 re,
457 1772 630 1839 quibus
654 1774 905 1823 nonlicet.
963 1783 1198 1820 verumta-

346 1860 464 1894 men
500 1843 532 1891 fi
575 1842 699 1891 hanc
746 1843 1005 1907 probamus
1050 1844 1199 1890 inter—

348 1912 575 1980 pretandi
612 1915 879 1973 rationem,
926 1926 1029 1960 tum
1063 1926 1199 1976 pone

345 1986 446 2043 οἵδε,
487 2000 582 2046 quo
604 1982 836 2031 vocabulo
862 1983 1045 2047 patricii
1073 1984 1198 2030 Mar-

348 2056 434 2103 ciis
476 2053 627 2103 dediti
665 2052 1000 2119 designantur,
1040 2052 1199 2101 deerit

345 2123 407 2179 οῖς
444 2124 469 2175 3'
503 2120 713 2181 προσήκει.
786 2125 871 2187 qui
903 2123 1087 2182 aliena,
1143 2123 1196 2170 in

346 2210 475 2259 quae
499 2193 607 2257 ipsis
630 2192 756 2242 nihil
788 2194 903 2242 iuris
928 2209 1093 2256 neque
1114 2209 1198 2257 po-

346 2263 526 2313 testatis
555 2262 636 2323 est,
673 2264 895 2329 (cernitis
925 2279 1086 2312 coram
1113 2262 1198 2326 qui

347 2333 460 2398 lint)
484 2333 758 2400 largiuntur
779 2334 850 2394 iis,
869 2332 1045 2400 quibus
1068 2331 1198 2381 haud

348 2405 478 2454 licet.
707 2419 710 2421 ’

419 2476 535 2537 665.
561 2487 607 2538 3.
646 2473 739 2519 κατ’
767 2473 933 2540 αὐτῶν]
972 2489 1074 2522 non
1113 2475 1200 2520 τῶν

350 2552 571 2603 βασιλέων,
637 2542 768 2606 quod
813 2545 1035 2606 proxime
1064 2559 1200 2608 prae-

350 2612 508 2673 ceffit,
546 2609 627 2661 sed
652 2613 777 2661 redit
801 2612 858 2661 ad
882 2614 1088 2663 Marcios
1119 2629 1202 2662 eo·

351 2698 558 2747 rumque
581 2679 817 2732 satellites,

428 2767 504 2817 15.
542 2754 724 2820 mina-cuv]
763 2769 842 2801 vos
867 2768 1039 2802 omnes
1062 2768 1201 2817 prae·

350 2817 539 2881 sentes,
590 2840 782 2886 vnaque
817 2823 1197 2872 vestras-vitores

349 2888 625 2955 vestrosque
645 2892 840 2953 liberos,
864 2891 1098 2953 absentes,
1126 2909 1200 2941 ro·

351 2978 538 3029 gamuS.
611 2963 689 3012 Sic
711 2962 824 3010 dedi
848 2963 913 3012 de
934 2979 1072 3024 men,
1111 2979 1198 3029 pro

351 3034 538 3099 vulgari
562 3039 729 3086 πάντες.
775 3031 835 3080 ad
863 3033 1007 3083 verba
1032 3031 1104 3080 σὸν
1125 3054 1201 3094 »yv-

350 3109 456 3159 ναιξί
476 3123 522 3148 τε
547 3102 614 3155 κα.)
639 3110 786 3156 τέκνοις
806 3100 1202 3164 subauditur-‚non

352 3171 568 3231 ὑμετέροις
611 3171 801 3237 nostris,
850 3169 934 3223 sed
988 3173 1202 3233 ὑμετέροις

349 3240 531 3308 vestris.

1331 232 1450 284 666.
1471 245 1545 295 14.
1581 233 1807 289 ἂναχωςεῖν
1830 245 1932 278 non
1956 223 2111 279 solum

1260 300 1308 350 h.
1333 301 1365 348 l.
1401 303 1461 356 τῷ
1497 307 1755 356 καταβαίνειν
1789 299 2109 364 aequipollet,

1261 387 1430 420 verum
1456 371 1600 417 etiam
1624 370 1676 417 in
1702 365 1929 418 secessum
1949 371 2032 429 ire,
2047 367 2110 417 ad

1261 440 1499 506 priuatam
1521 440 1666 487 vitam
1689 435 1736 487 se
1760 441 1996 505 recipere.
2043 438 2108 488 de

1262 510 1375 558 viris
1399 525 1429 557 e
1454 508 1591 575 gestu
1625 525 1783 557 rerum
1810 510 2025 558 ciuilium
2047 507 2109 557 ad

1264 580 1418 628 otium
1455 593 1506 626 et
1537 577 1774 627 silentium
1800 580 1924 629 vitae
1954 580 2110 644 priua·

1263 663 1344 698 tae
1377 646 1780 715 confugientibus
1803 665 1845 711 in
1866 655 2108 710 ἀναχωρεῖν,

1262 714 1538 780 ἂναχαῖρησις,
1574 718 1872 782 ἂναχωςητῆς,
1922 716 2111 784 vsurpa·

1264 791 1457 839 bantur.

1335 863 1454 925 667.
1483 873 1561 911 11.
1604 861 1781 907 vocans
1802 859 1954 908 curias
1978 853 2112 922 quas-

1265 945 1362 994 que
1405 926 1596 977 seorfim
1641 927 1702 977 ad
1742 925 2110 995 suffragandum

1264 1015 1345 1049 eas
1367 997 1664 1057 admittebat,
1699 998 1816 1048 dans
1843 1001 2110 1063 vnicuique

1262 1066 1392 1118 suam
1416 1074 1565 1130 ψῆφον,
1581 1064 1660 1118 seu
1675 1067 1860 1137 fingula
1873 1066 2109 1135 suffragia.

1333 1143 1449 1202 668.
1465 1156 1511 1207 4.
1535 1139 1720 1207 πρῶτον]
1750 1138 2109 1199 aduerbialiter,

1255 1213 1414 1275 primo
1445 1211 1561 1259 loco.
1586 1227 1688 1258 non
1711 1210 1962 1274 improbof
1993 1209 2110 1259 mal-

1263 1281 1362 1329 lem
1380 1295 1542 1328 tamen
1555 1277 1722 1339 πρώτων
1735 1280 1788 1330 in
1811 1275 1966 1348 genit.
1979 1280 2108 1346 plur.

1332 1355 1451 1416 669.
1478 1351 1559 1399 vlt.
1598 1351 1651 1399 in
1681 1351 1837 1401 Vatic.
1880 1350 1950 1400 est
1983 1351 2110 1404 Ἀθη-

1261 1428 1389 1469 ναίων.
1430 1421 1561 1485 quod
1593 1419 1756 1470 defert
1787 1420 1847 1469 ad
1882 1417 2110 1487 suspicio·

1263 1507 1378 1539 nem
1406 1490 1469 1539 de
1493 1491 1683 1553 Ἀθηνῶν,
1737 1491 1959 1557 genitiuo
1982 1492 2109 1556 plur.

1262 1577 1302 1609 ν.
1341 1563 1526 1613 Ἀθῆναι.
1586 1562 1773 1611 centies
1805 1562 2042 1624 reperitur
2079 1577 2110 1610 a

1262 1630 1467 1692 librariis
1510 1629 1843 1680 aberrantibus
1886 1635 2109 1685 Ἀθηναίων

1260 1715 1519 1761 exaratum,
1547 1717 1634 1765 pro
1657 1701 1850 1763 Ἀθηνῶν,
1871 1702 2005 1767 quod
2030 1717 2111 1751 ex·

1260 1787 1395 1819 arare
1421 1769 1709 1821 debuerant.
2168 1823 2174 1829 ,

1325 1845 1448 1905 671.
1467 1856 1507 1893 1.
1532 1846 1686 1892 Locus
1710 1839 1790 1891 hic
1815 1841 1949 1891 bene
1968 1841 2001 1890 fi
2027 1840 2112 1892 ha-

1259 1908 1367 1971 bet,
1403 1909 1636 1977 fignificat
1669 1918 1868 1961 συντελεῖν
1900 1928 2006 1961 non
2041 1911 2113 1978 id,

1260 1982 1390 2044 quod
1427 1982 1570 2047 vulgo
1601 1978 1744 2042 solet,
1790 1983 1851 2031 ad
1885 1982 2112 2034 ordinem

1259 2052 1473 2115 aliquem
1505 2054 1767 2114 pertinere,
1782 2055 1828 2101 ei
1853 2051 2109 2115 accenseri,

1258 2117 1341 2170 sed
1368 2120 1628 2183 conficere,
1652 2121 1891 2184 conferre,
1922 2125 2115 2172 vollen·

1260 2192 1373 2252 den,
1396 2191 1728 2253 vollstrecken,
1753 2194 1885 2257 quod
1907 2193 2111 2259 fimplex

1259 2268 1415 2323 τελεῖν,
1455 2261 1542 2311 nisi
1578 2262 1709 2327 quod
1750 2281 1855 2313 non
1893 2263 1956 2313 de
1995 2279 2109 2324 vno,

1259 2328 1342 2380 sed
1377 2332 1440 2380 de
1475 2332 1695 2398 pluribus
1730 2330 1993 2398 vsurpatur.
2031 2349 2111 2395 ve-

1261 2418 1369 2451 rum
1394 2399 1503 2451 sunt
1523 2403 1576 2451 in
1601 2401 1689 2453 hac
1713 2405 1906 2471 pagina,
1923 2418 1972 2456 et
1987 2404 2110 2469 post-

1259 2472 1460 2522 modum
1483 2473 1535 2522 in
1557 2470 1644 2522 hac
1675 2486 1776 2523 tota
1807 2474 2110 2539 expolitione

1262 2542 1326 2591 de
1349 2542 1497 2592 modo
1520 2561 1546 2592 a
1567 2545 1739 2595 Seruio
1763 2544 1969 2594 inuento
1992 2547 2107 2596 PR.

1261 2612 1573 2662 distribuendi
1596 2614 1693 2664 loci
1721 2614 1870 2664 etiam
1895 2615 1975 2663 alii
2000 2629 2101 2679 per·

1263 2679 1465 2743 obscuri,
1518 2699 1639 2746 quos
1679 2696 1728 2732 vt
1762 2682 2108 2747 inenodabiles

1259 2752 1398 2814 mihi,
1434 2753 1624 2802 filentio
1649 2750 1889 2802 transmifi.

1330 2828 1447 2889 672.
1471 2838 1517 2874 2.
1555 2823 1669 2891 περὶ]
1709 2822 1759 2871 id
1785 2822 1851 2873 est
1876 2821 2002 2883 εἴη-ἒς.

1328 2895 1407 2942 vlt.
1457 2899 1523 2940 ἐπὶ
1554 2898 1634 2941 τῶν
1674 2894 1816 2961 ἱερῶν]
1857 2894 1908 2943 id
1943 2894 2011 2943 est
2043 2899 2109 2942 ἐπὶ

1260 2959 1394 3014 vairam
1414 2967 1493 3010 τῶν
1517 2970 1545 3013 ἱ.
1584 2963 1660 3012 his
1682 2965 1735 3012 in
1755 2961 1898 3013 sacris
1913 2965 2109 3031 Compi·

1263 3034 1446 3084 taliciis.

1330 3108 1446 3170 673.
1481 3105 1529 3155 6.
1563 3102 1598 3152 f.
1657 3109 1808 3153 ἐκάλει.
1863 3103 2106 3166 vocabat,

1262 3175 1459 3224 Seruius
1501 3188 1633 3238 puta,
1674 3191 1775 3224 non
1811 3186 1963 3235 vocat,
2001 3176 2108 3239 (Fa-

1262 3242 1626 3309 bins-nempe.)

1891 3317 2010 3381 675.
2028 3328 2116 3367 12..
