2158 3877
398 112 411 123 “’
435 102 473 152 1.
508 101 546 151 1.
585 99 862 157 REISKE
925 101 1388 157 ANNOTATA.

53 268 89 297 ⁷.
127 244 274 297 1042·
299 244 346 281 2.
381 226 458 283 τιῗν
488 230 602 298 γῆν]
650 231 900 280 articulum

54 300 119 350 de
140 317 255 349 meo
269 298 449 348 addidi.

127 383 270 435 1043.
299 383 376 421 11.
398 366 431 417 f.
480 366 550 422 ἕως
585 365 648 415 ’ἔτι
681 368 725 429 γ’
757 368 898 422 εἴησαν

50 438 199 490 αὐτοῖς
221 452 267 494 φ.
308 438 471 487 donec
505 438 661 487 adhuc
695 436 804 502 ipfis
832 436 900 486 fo·

48 521 162 557 rent
183 505 454 556 metuendi.
502 559 504 562 ,

125 591 271 643 1047.
287 591 332 626 2.
370 574 603 634 τότ’ἒφάνη
625 575 809 642 χωρεῖν]
846 575 897 623 id

49 644 120 694 est
145 644 257 705 ἔδοξε
282 646 474 711 placuit,
517 643 667 693 visum
689 644 791 692 fuit.
817 660 898 692 ex·

50 712 179 765 cluso
199 716 345 764 αἴτιον.
361 714 492 779 quod
516 714 548 762 fi
570 711 780 762 seruatur
802 730 896 761 vna

47 801 165 833 cum
185 788 303 842 τὲτο,
342 798 445 832 tum
485 782 894 848 1)accipiendum

47 855 144 908 ‚erit
164 855 229 903 de
263 867 467 913 euento,
507 852 640 917 quod
664 852 816 900 statim
841 853 893 898 in

51 925 339 972 continente
365 935 595 971 narratur.
646 925 700 987 2)
722 925 776 968 τέ
799 922 893 969 erit

48 991 423 1059 praefigendum
456 989 699 1040 infinitiuo
737 997 896 1050 χωρεῖν.

0 1116 1 1122 ,
45 1093 54 1103 1
128 1070 272 1128 1048.
300 1079 345 1128 3.
375 1075 426 1111 et
444 1058 596 1124 inseq.
634 1060 804 1109 videns
830 1061 895 1108 vi-

46 1131 116 1180 tia
138 1179 142 1182 ,
162 1132 382 1197 vulgatae
434 1131 654 1181 lefflonis
700 1130 889 1194 reliqui,

49 1202 161 1265 quia
195 1202 402 1250 virorum
446 1200 696 1249 doctorum
728 1204 894 1250 emen-

48 1270 273 1319 dationes
305 1266 541 1330 diuersae,
589 1283 736 1334 atque
767 1270 892 1318 anci·

48 1340 176 1405 pites
212 1337 339 1400 sunt,
398 1354 449 1388 et
483 1340 714 1389 Vaticana
743 1340 888 1389 lec'tio

48 1426 148 1459 non
175 1411 328 1475 magis
359 1410 471 1458 vitio
497 1422 658 1458 vacat·

120 1495 266 1544 1050.
290 1496 333 1545 5.
368 1479 483 1542 παςοὶ
510 1480 574 1528 de
608 1493 719 1527 meo
765 1475 894 1536 dedi,

42 1566 136 1614 ‚pro
162 1549 345 1615 vulgari
368 1559 483 1607 περὶ,
523 1561 575 1597 et
602 1544 735 1597 versu
764 1560 811 1611 7.
834 1546 893 1594 τοὶ

45 1619 145 1678 παρ’
190 1618 347 1666 ἑαυτῶν
405 1616 531 1680 [scil.
575 1616 893 1676 προσδοκώμενα,

37 1701 127 1739 -aut
153 1685 380 1746 γιγνόμενοι
396 1725 408 1747 ,
447 1700 528 1737 aut
549 1692 806 1746 παρέχεσθαι
829 1693 893 1734 δυ·

45 1755 228 1825 νέμε-ια]
255 1774 345 1822 pro
375 1758 560 1824 vulgari
587 1758 688 1814 παρ’
715 1758 889 1811 ἑαυτοῖς.

42 1862 63 1874 ,ι
121 1843 196 1880 12.
216 1825 247 1876 f.
285 1835 380 1887 τρία
399 1830 447 1875 δὲ
469 1827 528 1876 τοὶ
548 1832 704 1874 πάντων
717 1834 890 1877 κάλλιςοι

40 1895 119 1958 551⁸
155 1909 252 1954 Φαν.

112 1969 197 2020 vlt.
218 1965 249 2016 f.
287 1965 490 2026 ἧγεῒοθουί,
534 1965 646 2032 [vel
679 1970 885 2030 νομίζειν]
906 2009 909 2013 .

44 2044 277 2094 συμμάχεις.
316 2053 419 2084 non
436 2036 570 2084 enim
585 2048 777 2099 oportet
792 2038 889 2084 exi·

44 2107 233 2156 stimare
256 2122 339 2153 vos
364 2103 464 2155 effe
492 2103 613 2153 fidos
639 2106 818 2154 amicos
841 2118 889 2154 et

40 2175 164 2226 belli
201 2173 375 2236 socios,
431 2173 491 2223 ab
534 2173 771 2224 hodierna
807 2173 888 2223 de-

45 2263 183 2296 mum
208 2245 288 2295 die
315 2243 440 2294 facto
464 2245 706 2294 amicitiae
729 2245 884 2294 initio·

121 2320 326 2382 1051.6.
356 2323 505 2371 Φιλίου.
533 2312 678 2362 ἔπειτα
692 2329 739 2362 et
759 2314 887 2373 ὑπάρ-

41 2386 145 2452 1χει]
214 2383 274 2433 fic
315 2383 378 2432 de
425 2400 537 2433 meo
582 2383 695 2434 dedi
744 2398 888 2448 atque

44 2455 268 2513 distinxi,
300 2451 380 2502 vbi
408 2455 634 2520 vulgatae
667 2452 785 2502 dant
819 2467 888 2510 Φι-
942 2491 948 2496 .

40 2534 149 2586 Αἶσα,
185 2522 350 2571 ἐπειδᾶν
379 2553 449 2562 --
483 2521 662 2582 tiz-demi.
682 2557 688 2574 .
709 2526 887 2574 Secun-

43 2595 161 2645 dum
189 2593 268 2642 hic
297 2592 569 2659 ingreditur
606 2595 769 2642 locum
803 2590 885 2642 seu

46 2677 192 2730 caput
246 2679 442 2712 veorum
500 2663 883 2723 commodorum,

40 2749 174 2799 ⁴quae
197 2748 401 2781 numero
420 2733 506 2781 tria
519 2732 764 2796 praedicat
776 2730 887 2792 effe,

42 2802 216 2869 quibus
238 2805 479 2851 Romanos
513 2803 580 2851 ait
612 2799 888 2851 aduersariis

40 2872 297 2940 praestare.
334 2874 469 2932 Sunt,
482 2872 688 2922 nostram
703 2872 734 2920 fi
750 2875 891 2921 ratio·

43 2959 160 2992 nem
187 2939 379 3007 probes,
401 2940 547 2990 istaec
566 2944 669 2994 tria.>
712 2948 758 3002 1)
776 2959 887 2990 con·

41 3009 202 3063 sensus
225 3012 502 3061 animorum
535 3025 585 3060 et
619 3028 753 3060 amor
787 3028 886 3060 mu-

41 3095 172 3132 tuus.
208 3082 286 3145 .2)
311 3077 444 3130 causa
475 3083 768 3142 communis,
802 3079 884 3130 seu

41 3150 329 3218 magnitudo
353 3147 631 3200 discriminis
657 3152 886 3202 omnibus

41 3222 311 3287 aequaliter
339 3220 654 3279 imminentis.
703 3225 761 3291 3)
788 3220 884 3272 for-

1670 110 1807 170 1287

958 229 1108 278 tunae
1121 225 1498 278 aduersariorum
1511 227 1675 294 reapse
1686 232 1805 281 mul·

959 311 1010 347 to
1033 300 1248 347 minores
1272 295 1618 363 deprehensae.
1655 318 1803 364 quam

958 384 1045 432 pro
1062 364 1431 432 exspecffatione.
1470 371 1572 417 Iam
1595 386 1803 419 numera

957 439 1088 485 locos
1111 439 1162 486 in
1186 438 1409 504 vulgatiS‚
1446 454 1613 501 neque
1640 440 1799 502 plures

960 505 1152 554 duobus
1188 508 1597 571 repe1·ies.„atqui
1638 510 1799 571 planis

957 575 1114 623 verbis
1133 577 1186 623 in
1211 578 1342 624 calce
1368 577 1533 640 capitis
1569 573 1687 626 sexti
1711 579 1800 626 tria

957 658 1211 708 receperat
1232 646 1489 694 editurum.
1537 651 1654 698 Duo
1679 664 1800 696 enu-

954 729 1145 762 merans
1180 718 1337 771 πρῶτον
1369 728 1420 763 et
1454 713 1638 774 δεύτερον
1673 712 1802 765 vsur·

956 796 1063 846 pat,
1102 799 1229 844 non,
1255 798 1304 833 vt
1330 782 1431 844 hic,
1467 787 1630 844 πρῶτον
1653 786 1796 835 initio

956 852 1121 917 capitis
1169 851 1386 917 septimi,
1444 867 1495 902 et
1543 864 1798 916 τελευταῖον,

954 922 1034 985 (v.
1067 939 1113 986 p.
1141 935 1286 986 1052.
1313 927 1394 987 ς-)
1441 939 1561 989 ergo
1603 922 1797 976 neceffe

957 989 1039 1051 est,
1067 1003 1116 1039 vt
1136 991 1352 1040 medium
1374 993 1504 1040 inter
1525 997 1723 1057 primum
1738 1006 1797 1042 vet

945 1059 1222 1126 postremum
1271 1059 1594 1126 praecesserit,
1661 1062 1797 1126 quod

952 1146 1193 1194 nusquam
1218 1131 1333 1178 alibi
1358 1133 1628 1196 reperietur
1644 1150 1800 1195 quam

953 1200 1061 1259 hic,
1098 1200 1151 1247 in
1179 1197 1340 1249 ἔπειτα.
1376 1202 1603 1269 vulgatae
1626 1205 1796 1250 vitium

949 1265 1200 1318 senserunt
1228 1271 1500 1321 Glareanus
1526 1288 1725 1336 quoque
1749 1284 1798 1321 et

949 1337 1176 1405 Sylburg.
1724 1382 1733 1388 .

956 1408 958 1411 ⁴
1027 1411 1233 1472 10526.
1269 1415 1504 1456 τελευταῖον
1526 1409 1699 1475 δέ-]
1732 1409 1797 1459 fic

951 1475 1017 1526 de
1038 1494 1150 1531 meo
1175 1477 1303 1538 dedi,
1343 1477 1364 1524 ὃ
1390 1479 1587 1539 addens,
1602 1494 1649 1528 et
1660 1496 1799 1528 πλεον·

954 1546 1199 1606 εκτιίματος,
1214 1549 1266 1595 in
1297 1547 1363 1595 fin
1370 1549 1539 1614 gulari,
1555 1548 1797 1599 sufficiens

951 1616 1006 1667 in
1056 1617 1216 1665 locum
1264 1618 1393 1683 vulg.
1426 1623 1793 1677 πλεονεκΊῆμάτ-ων.

951 1684 1247 1750 postremum
1271 1688 1466 1736 illorum
1488 1689 1643 1750 trium,
1670 1706 1796 1753 quae

950 1756 1099 1804 modo
1122 1757 1571 1819 commemorabam,
1598 1757 1691 1807 hoc
1713 1759 1795 1817 est,

951 1825 1086 1888 quod
1133 1827 1271 1874 nullo
1314 1827 1410 1875 alio
1460 1830 1794 1884 emolumento

950 1896 1114 1944 minus
1147 1893 1246 1945 effe
1276 1913 1360 1946 vos
1399 1897 1646 1948 videminiv
1669 1899 1793 1949 affir-

947 1966 1124 2013 maturi
1147 1963 1258 2015 effe.

1023 2048 1170 2100 1053.
1190 2050 1230 2087 Ι.
1246 2033 1277 2085 f.
1307 2040 1382 2090 τῆς
1396 2039 1526 2091 καλῆς
1546 2048 1789 2097 ςεοιτηγίας.

945 2120 1150 2155 ironice.

1021 2187 1167 2243 1054.
1197 2190 1244 2242 9.
1293 2173 1415 2232 μήπω
1464 2176 1527 2225 de
1559 2192 1672 2226 meo
1707 2177 1792 2232 ad-

947 2243 1062 2293 didi.

1023 2329 1168 2380 1055.
1186 2321 1229 2373 8.
1266 2313 1552 2380 ποιησόμενοι]
1588 2317 1688 2365 imo
1712 2333 1791 2366 ve-

949 2400 1003 2434 ro
1028 2381 1294 2440 ὖτοισᾶμενοι.
1330 2385 1588 2436 toleraturi.

1014 2455 1093 2503 vlt.
1133 2468 1215 2502 aut
1227 2461 1462 2518 ἀμφοτέρως
1477 2459 1607 2510 σῶσαι,
1619 2455 1790 2505 ambos

945 2521 1158 2585 seruare,
1213 2541 1396 2589 vosque
1431 2521 1577 2589 ipsos,
1636 2540 1686 2574 et
1727 2524 1793 2574 se-

922 2595 1137 2654 -niores,
1198 2609 1278 2643 aut
1321 2595 1543 2654 ἀμφότεροι
1586 2595 1791 2661 (aduer-

945 2663 1171 2727 bialiter)
1218 2664 1453 2728 perinde,
1504 2666 1789 2729 aequaliter,

945 2737 1156 2784 escaus-m
1179 2729 1326 2783 saluos
1352 2733 1561 2784 euadere
1583 2732 1656 2793 τις-ι’
1680 2738 1792 2797 νικξίν

947 2805 1164 2860 ἀσφαλῶς.
1372 2847 1376 2851 .

1021 2875 1167 2936 1056.
1197 2887 1238 2924 1.
1285 2881 1322 2920 εἰ
1355 2871 1403 2921 δὲ
1436 2874 1530 2943 δεῖ]
1578 2873 1654 2924 de:>
1674 2891 1789 2924 meo

947 2942 1112 2992 addidi
1153 2947 1227 2992 δεῖ.
1285 2942 1356 2992 fin
1397 2959 1557 2995 autem
1593 2942 1790 2993 necefl‘e

944 3013 1023 3074 sit,
1071 3011 1105 3060 fi
1147 3011 1294 3062 fatale
1332 3013 1400 3064 fit.
1461 3017 1515 3063 in
1551 3018 1787 3072 δρᾶσαι-ει

941 3087 1094 3131 παθεῖν
1125 3077 1401 3132 subauditur
1438 3081 1563 3144 ἕξεςιν
1592 3101 1621 3133 e
1646 3100 1786 3151 prae·

942 3153 1100 3204 miffis.
1710 3172 1725 3176 ·

945 3255 970 3270 .-
1002 3239 1054 3294 3.
1076 3219 1114 3273 f
1152 3224 1182 3273 κ’
1222 3221 1338 3281 veae
1378 3223 1517 3290 ὑμεῖν,
1571 3217 1612 3271 ἦ
1645 3221 1788 3282 ἄνδρες

1582 3293 1789 3357 Ῥωμαῖοι,
